@mastersthesis{flightdynamics,
	author  = {Willis, Chad A},
	title   = {Two Published Flight Dynamics Models Rewritten in Rust and Structures as an ECS},
	school  = {Air Force Institute of Technology},
	year    = {2021},
	address = {Wright-Patterson Air Force Base, Ohio},
	type    = {MS Thesis},
}

@online{agile,
	author  = {{Agile Aliance}},
	title   = {The Agile Manifesto},
	year    = {2001},
	url     = {https://www.agilealliance.org/agile101/the-agile-manifesto/},
	urldate = {2025-02-22},
}

@online{reactivex,
	author  = {Microsoft},
	title   = {RxJS: Reactive Extensions for JavaScript},
	year    = {2009},
	url     = {https://reactivex.io/},
	urldate = {2025-06-13},
}

@software{flecs,
	author  = {Mertens, Sander},
	title   = {Flecs: Fast Entity Component System},
	year    = {2019},
	url     = {https://github.com/SanderMertens/flecs},
	urldate = {2025-02-23},
}

@software{flecsexplorer,
	author  = {Mertens, Sander},
	title   = {Flecs Explorer},
	year    = {2021},
	url     = {https://github.com/flecs-hub/explorer},
	urldate = {2025-05-15},
}

@software{bevy,
	author  = {{Bevy Foundation}},
	title   = {Bevy: A refreshingly simple data-driven game engine built in Rust},
	year    = {2020},
	url     = {https://github.com/bevyengine/bevy},
	urldate = {2025-04-14},
}

@software{logos,
	author  = {Hirsz, Maciej},
	title   = {Logos},
	year    = {2018},
	url     = {https://github.com/maciejhirsz/logos},
	urldate = {2025-05-17},
}

@software{chumsky,
	author  = {Barretto, Joshua},
	title   = {Chumsky},
	year    = {2021},
	url     = {https://github.com/zesterer/chumsky},
	urldate = {2025-05-17},
}

@software{thiserror,
	author  = {Tolnay, David},
	title   = {thiserror},
	year    = {2019},
	url     = {https://github.com/dtolnay/thiserror},
	urldate = {2025-04-30},
}

@misc{ecsfaq,
	author  = {Mertens, Sander},
	title   = {Entity Component System FAQ},
	year    = {2019},
	url     = {https://github.com/SanderMertens/ecs-faq},
	urldate = {2025-05-15},
}

@book{craftinginterpreters,
	author    = {Nystrom, Robert},
	title     = {Crafting Interpreters},
	year      = {2021},
	publisher = {Genever Benning},
}

@book{rustbook,
	author    = {Klabnik, Steve and Nichols, Carol},
	title     = {The Rust Programming Language},
	year      = {2022},
	edition   = {2nd},
	publisher = {No Starch Press},
	address   = {San Francisco, California},
}

@book{pragmaticprogrammer,
	author    = {Thomas, David and Hunt, Andrew},
	title     = {The Pragmatic Programmer: Your Journey To Mastery},
	year      = {2019},
	edition   = {20th Anniversary Edition},
	publisher = {Addison-Wesley},
	address   = {Boston, Massachusetts},
}

@book{fundsoftwarearchitecture,
	author    = {Richards, Mark and Ford, Neal},
	title     = {Fundamentals of Software Architecture: An Engineering Approach},
	year      = {2020},
	edition   = {1st},
	publisher = {O'Reilly Media},
	address   = {Sebastopol, California},
}

@online{ecsstorageinpics,
	author  = {Mertens, Sander},
	title   = {ECS Storage in Pictures},
	year    = {2024},
	url     = {https://ajmmertens.medium.com/building-an-ecs-storage-in-pictures-642b8bfd6e04},
	urldate = {2025-02-22},
}

@online{ecsparadigm,
	author  = {Mertens, Sander},
	title   = {ECS: From Tool to Paradigm},
	year    = {2021},
	url     = {https://ajmmertens.medium.com/ecs-from-tool-to-paradigm-350587cdf216},
	urldate = {2025-05-18},
}

@online{entityrelationships,
	author  = {Mertens, Sander},
	title   = {Building Games in ECS with Entity Relationships},
	year    = {2022},
	url     = {https://ajmmertens.medium.com/building-games-in-ecs-with-entity-relationships-657275ba2c6c},
	urldate = {2025-05-19},
}

@online{whatsprogrammingparadigm,
	author  = {Liyan, Ario},
	title   = {What is a Programming Paradigm?},
	year    = {2023},
	url     = {https://medium.com/@Ariobarxan/what-is-a-programming-paradigm-ec6c5879952b},
	urldate = {2025-05-18},
}

@online{programmingparadigmsionos,
	author  = {IONOS},
	title   = {Programming paradigms: What are the principles of programming?},
	year    = {2020},
	url     = {https://www.ionos.com/digitalguide/websites/web-development/programming-paradigms/},
	urldate = {2025-05-18},
}

@online{refactoringguru,
	author  = {Shvets, Alexander},
	title   = {Refactoring Guru},
	year    = {2018},
	url     = {https://refactoring.guru/design-patterns},
	urldate = {2025-04-30},
}

@online{merriamwebster,
	author  = {Merriam-Webster, Inc.},
	title   = {Merriam-Webster},
	year    = {s.d.},
	url     = {https://www.merriam-webster.com/},
	urldate = {2025-05-18},
}

@online{wikipediamvc,
	author  = {{Wikipedia contributors}},
	title   = {Model-view-controller},
	year    = {s.d.},
	url     = {https://en.wikipedia.org/wiki/Model--view--controller},
	urldate = {2025-06-30},
}
