@mastersthesis{flightdynamics,
	author  = {Willis, Chad A},
	title   = {Two Published Flight Dynamics Models Rewritten in Rust and Structures as an ECS},
	school  = {Air Force Institute of Technology},
	year    = {2021},
	address = {Wright-Patterson Air Force Base, Ohio},
	type    = {MS Thesis},
}

@online{agile,
	author  = {{Agile Alliance}},
	title   = {The Agile Manifesto},
	year    = {2001},
	url     = {https://www.agilealliance.org/agile101/the-agile-manifesto/},
	urldate = {2025-02-22},
}

@online{reactivex,
	author  = {Microsoft},
	title   = {RxJS: Reactive Extensions for JavaScript},
	year    = {2009},
	url     = {https://reactivex.io/},
	urldate = {2025-06-13},
}

@software{flecs,
	author  = {Mertens, Sander},
	title   = {Flecs: Fast Entity Component System},
	year    = {2019},
	url     = {https://github.com/SanderMertens/flecs},
	urldate = {2025-02-23},
}

@software{flecsexplorer,
	author  = {Mertens, Sander},
	title   = {Flecs Explorer},
	year    = {2021},
	url     = {https://github.com/flecs-hub/explorer},
	urldate = {2025-05-15},
}

@software{bevy,
	author  = {{Bevy Foundation}},
	title   = {Bevy: A refreshingly simple data-driven game engine built in Rust},
	year    = {2020},
	url     = {https://github.com/bevyengine/bevy},
	urldate = {2025-04-14},
}

@software{logos,
	author  = {Hirsz, Maciej},
	title   = {Logos},
	year    = {2018},
	url     = {https://github.com/maciejhirsz/logos},
	urldate = {2025-05-17},
}

@software{chumsky,
	author  = {Barretto, Joshua},
	title   = {Chumsky},
	year    = {2021},
	url     = {https://github.com/zesterer/chumsky},
	urldate = {2025-05-17},
}

@software{thiserror,
	author  = {Tolnay, David},
	title   = {thiserror},
	year    = {2019},
	url     = {https://github.com/dtolnay/thiserror},
	urldate = {2025-04-30},
}

@software{ecsact,
	author  = {Warren, Ezekiel},
	title   = {Ecsact},
	year    = {2022},
	url     = {https://github.com/ecsact-dev},
	urldate = {2025-07-08},
}

@software{flecsscript,
	author  = {Mertens, Sander},
	title   = {Flecs Script},
	year    = {2021},
	url     = {https://www.flecs.dev/flecs/md_docs_2FlecsScript.html},
	urldate = {2025-07-08},
}

@misc{ecsfaq,
	author  = {Mertens, Sander},
	title   = {Entity Component System FAQ},
	year    = {2019},
	url     = {https://github.com/SanderMertens/ecs-faq},
	urldate = {2025-05-15},
}

@book{craftinginterpreters,
	author    = {Nystrom, Robert},
	title     = {Crafting Interpreters},
	year      = {2021},
	publisher = {Genever Benning},
}

@book{rustbook,
	author    = {Klabnik, Steve and Nichols, Carol},
	title     = {The Rust Programming Language},
	year      = {2022},
	edition   = {2nd},
	publisher = {No Starch Press},
	address   = {San Francisco, California},
}

@book{pragmaticprogrammer,
	author    = {Thomas, David and Hunt, Andrew},
	title     = {The Pragmatic Programmer: Your Journey To Mastery},
	year      = {2019},
	edition   = {20th Anniversary Edition},
	publisher = {Addison-Wesley},
	address   = {Boston, Massachusetts},
}

@book{fundsoftwarearchitecture,
	author    = {Richards, Mark and Ford, Neal},
	title     = {Fundamentals of Software Architecture: An Engineering Approach},
	year      = {2020},
	edition   = {1st},
	publisher = {O'Reilly Media},
	address   = {Sebastopol, California},
}

@book{headfirstdesignpatterns,
	author    = {Freeman, Eric and Robson, Elisabeth and Bates, Bert},
	title     = {Head First Design Patterns: A Brain-Friendly Guide},
	year      = {2004},
	publisher = {O'Reilly Media},
	address   = {Sebastopol, California},
}

@book{gang4designpatterns,
	author    = {Gamma, Erich and Helm, Richard and Johnson, Ralph and Vlissides, John},
	title     = {Design Patterns: Elements of Reusable Object-Oriented Software},
	year      = {1994},
	edition   = {1st},
	publisher = {Addison-Wesley},
	address   = {Boston, Massachusetts},
}

@book{designconceptsinlanguages,
	author    = {Turbak, Franklyn A. and Gifford, David K.},
	title     = {Design Concepts in Programming Languages},
	year      = {2008},
	isbn      = {0262201755},
	publisher = {The MIT Press},
}

@book{conceptsoflanguages,
	author    = {Sebesta, Robert W.},
	title     = {Concepts of Programming Languages},
	year      = {2012},
	isbn      = {0273769103},
	publisher = {Pearson},
	edition   = {10th},
}

@article{paradigmsfordummies,
	author      = {Van Roy, Peter},
	title       = {Programming Paradigms for Dummies: What Every Programmer Should Know},
	year        = {2012},
	institution = {Universit√© catholique de Louvain},
}

@article{mechanicalevaluationexpressions,
	author  = {Landin, Peter J.},
	title   = {The mechanical evaluation of expressions},
	journal = {The Computer Journal},
	volume  = {6},
	number  = {4},
	pages   = {308--320},
	year    = {1964},
	doi     = {10.1093/comjnl/6.4.308},
	url     = {https://doi.org/10.1093/comjnl/6.4.308},
	urldate = {2025-08-06},
}

@online{ecsstorageinpics,
	author  = {Mertens, Sander},
	title   = {ECS Storage in Pictures},
	year    = {2024},
	url     = {https://ajmmertens.medium.com/building-an-ecs-storage-in-pictures-642b8bfd6e04},
	urldate = {2025-02-22},
}

@online{ecsparadigm,
	author  = {Mertens, Sander},
	title   = {ECS: From Tool to Paradigm},
	year    = {2021},
	url     = {https://ajmmertens.medium.com/ecs-from-tool-to-paradigm-350587cdf216},
	urldate = {2025-05-18},
}

@online{entityrelationships,
	author  = {Mertens, Sander},
	title   = {Building Games in ECS with Entity Relationships},
	year    = {2022},
	url     = {https://ajmmertens.medium.com/building-games-in-ecs-with-entity-relationships-657275ba2c6c},
	urldate = {2025-05-19},
}

@online{whatsprogrammingparadigm,
	author  = {Liyan, Ario},
	title   = {What is a Programming Paradigm?},
	year    = {2023},
	url     = {https://medium.com/@Ariobarxan/what-is-a-programming-paradigm-ec6c5879952b},
	urldate = {2025-05-18},
}

@online{programmingparadigmsionos,
	author  = {IONOS},
	title   = {Programming paradigms: What are the principles of programming?},
	year    = {2020},
	url     = {https://www.ionos.com/digitalguide/websites/web-development/programming-paradigms/},
	urldate = {2025-05-18},
}

@online{refactoringguru,
	author  = {Shvets, Alexander},
	title   = {Refactoring Guru},
	year    = {2018},
	url     = {https://refactoring.guru/design-patterns},
	urldate = {2025-04-30},
}

@online{merriamwebster,
	author  = {Merriam-Webster, Inc.},
	title   = {Merriam-Webster},
	year    = {s.d.},
	url     = {https://www.merriam-webster.com/},
	urldate = {2025-05-18},
}

@online{wikipediamvc,
	author  = {{Wikipedia contributors}},
	title   = {Model-view-controller},
	year    = {s.d.},
	url     = {https://en.wikipedia.org/wiki/Model--view--controller},
	urldate = {2025-06-30},
}

@online{17thstateofagile,
	author  = {{Digital.ai}},
	title   = {17th State of Agile Report},
	year    = {2024},
	url     = {https://info.digital.ai/rs/981-LQX-968/images/RE-SA-17th-Annual-State-Of-Agile-Report.pdf},
	urldate = {2025-07-08},
}

@inproceedings{howdevsspendtime,
	author = {Minelli, Roberto and Mocci, Andrea and Lanza, Michele},
	year   = {2015},
	month  = {05},
	pages  = {25-35},
	title  = {I Know What You Did Last Summer -- An Investigation of How Developers Spend Their Time},
	doi    = {10.1109/ICPC.2015.12},
}

@INPROCEEDINGS{ecsiotbrokers,
  author={Pouhela, Franc and Krummacker, Dennis and Schotten, Hans D.},
  booktitle={2023 IEEE 21st International Conference on Industrial Informatics (INDIN)},
  title={Entity Component System Architecture for Scalable, Modular, and Power-Efficient IoT-Brokers},
  year={2023},
  pages={1-6},
  keywords={Degradation;Data privacy;Systems architecture;Energy measurement;Energy efficiency;Internet of Things;Telemetry;Internet of Things;Scalability;Power-Efficiency;Entity Component System},
  doi={10.1109/INDIN51400.2023.10218094}}


@misc{ecscomputergraphics,
      title={Project Elements: A computational entity-component-system in a scene-graph pythonic framework, for a neural, geometric computer graphics curriculum},
      author={George Papagiannakis and Manos Kamarianakis and Antonis Protopsaltis and Dimitris Angelis and Paul Zikas},
      year={2023},
      eprint={2302.07691},
      archivePrefix={arXiv},
      primaryClass={cs.GR},
      url={https://arxiv.org/abs/2302.07691},
	  urldate={2025-10-23},
}


